<record><leader>00000cas a22000007a 4500</leader><controlfield tag="001">10097478</controlfield><controlfield tag="008">831105d19081910ohuwr ne      0    0ita d</controlfield><datafield ind1=" " ind2=" " tag="010"><subfield code="a">sn 83035603 </subfield></datafield><datafield ind1=" " ind2=" " tag="040"><subfield code="a">NPY</subfield><subfield code="b">eng</subfield><subfield code="c">NPY</subfield><subfield code="d">ONP</subfield><subfield code="d">OCLCQ</subfield><subfield code="d">OCLCF</subfield><subfield code="d">OCLCO</subfield></datafield><datafield ind1="1" ind2=" " tag="029"><subfield code="a">AU@</subfield><subfield code="b">000020294889</subfield></datafield><datafield ind1=" " ind2=" " tag="042"><subfield code="a">msc</subfield></datafield><datafield ind1=" " ind2=" " tag="043"><subfield code="a">n-us-oh</subfield></datafield><datafield ind1="0" ind2="2" tag="245"><subfield code="a">L'Italiano.</subfield></datafield><datafield ind1=" " ind2=" " tag="260"><subfield code="a">Cleveland, Ohio :</subfield><subfield code="b">United Italian Pub. Co.,</subfield><subfield code="c">-1910.</subfield></datafield><datafield ind1=" " ind2=" " tag="300"><subfield code="a">v. :</subfield><subfield code="b">ill. ;</subfield><subfield code="c">62 cm.</subfield></datafield><datafield ind1=" " ind2=" " tag="310"><subfield code="a">Weekly</subfield></datafield><datafield ind1="1" ind2=" " tag="362"><subfield code="a">Began in 1908?</subfield></datafield><datafield ind1="0" ind2=" " tag="362"><subfield code="a">-v. 7, no. 13 (26 mar. 1910).</subfield></datafield><datafield ind1=" " ind2=" " tag="500"><subfield code="a">Publisher: United Italian Pub. Co., &lt;1909&gt;-Mar. 19, 1910; Italian Pub. Co., Mar. 26, 1910.</subfield></datafield><datafield ind1=" " ind2=" " tag="500"><subfield code="a">"Formerly La voce del popolo italiano and Il progreso italiano in America."</subfield></datafield><datafield ind1=" " ind2=" " tag="500"><subfield code="a">Editor: F. Melaragno.</subfield></datafield><datafield ind1=" " ind2=" " tag="521"><subfield code="a">"Italian weekly newspaper."</subfield></datafield><datafield ind1=" " ind2=" " tag="546"><subfield code="a">In Italian.</subfield></datafield><datafield ind1=" " ind2=" " tag="580"><subfield code="a">Possibly formed by the union of: Voce del popolo italiano (Cleveland, Ohio : 1904), and: Il progreso italiano in America (Cleveland, Ohio : 1907).</subfield></datafield><datafield ind1=" " ind2=" " tag="588"><subfield code="a">Description based on: Vol. 6, no. 13 (27 mar. 1909).</subfield></datafield><datafield ind1=" " ind2="0" tag="650"><subfield code="a">Italians</subfield><subfield code="z">Ohio</subfield><subfield code="v">Newspapers.</subfield></datafield><datafield ind1=" " ind2="7" tag="655"><subfield code="a">Newspapers.</subfield><subfield code="2">fast</subfield><subfield code="0">(OCoLC)fst01423814</subfield></datafield><datafield ind1=" " ind2="7" tag="650"><subfield code="a">Italians.</subfield><subfield code="2">fast</subfield><subfield code="0">(OCoLC)fst00980750</subfield></datafield><datafield ind1=" " ind2="7" tag="651"><subfield code="a">Ohio.</subfield><subfield code="2">fast</subfield><subfield code="0">(OCoLC)fst01205075</subfield></datafield><datafield ind1=" " ind2=" " tag="752"><subfield code="a">United States</subfield><subfield code="b">Ohio</subfield><subfield code="c">Cuyahoga</subfield><subfield code="d">Cleveland.</subfield></datafield><datafield ind1="1" ind2="4" tag="780"><subfield code="t">Voce del popolo italiano (Cleveland, Ohio : 1904)</subfield></datafield><datafield ind1="1" ind2="4" tag="780"><subfield code="t">Progreso italiano in America (Cleveland, Ohio : 1907)</subfield></datafield><datafield ind1="0" ind2="0" tag="785"><subfield code="t">Voce del popolo italiano (Cleveland, Ohio : 1910)</subfield><subfield code="w">(DLC)sn 83045413</subfield></datafield></record>